@incollection{estrada2016big,
  title={Big Data, Big Challenges},
  author={Estrada, Raul and Ruiz, Isaac},
  booktitle={Big Data SMACK},
  pages={3--16},
  year={2016},
  publisher={Springer}
}

@inproceedings{mishne2013fast,
  title={Fast data in the era of big data: Twitter's real-time related query suggestion architecture},
  author={Mishne, Gilad and Dalton, Jeff and Li, Zhenghua and Sharma, Aneesh and Lin, Jimmy},
  booktitle={Proceedings of the 2013 ACM SIGMOD International Conference on Management of Data},
  pages={1147--1158},
  year={2013},
  organization={ACM}
}

