@incollection{estrada2016big,
  title={Big Data, Big Challenges},
  author={Estrada, Raul and Ruiz, Isaac},
  booktitle={Big Data SMACK},
  pages={3--16},
  year={2016},
  publisher={Springer}
}

@inproceedings{mishne2013fast,
  title={Fast data in the era of big data: Twitter's real-time related query suggestion architecture},
  author={Mishne, Gilad and Dalton, Jeff and Li, Zhenghua and Sharma, Aneesh and Lin, Jimmy},
  booktitle={Proceedings of the 2013 ACM SIGMOD International Conference on Management of Data},
  pages={1147--1158},
  year={2013},
  organization={ACM}
}

@inproceedings{agrawal2011big,
  title={Big data and cloud computing: current state and future opportunities},
  author={Agrawal, Divyakant and Das, Sudipto and El Abbadi, Amr},
  booktitle={Proceedings of the 14th International Conference on Extending Database Technology},
  pages={530--533},
  year={2011},
  organization={ACM}
}

@inproceedings{cuzzocrea2011analytics,
  title={Analytics over large-scale multidimensional data: the big data revolution!},
  author={Cuzzocrea, Alfredo and Song, Il-Yeol and Davis, Karen C},
  booktitle={Proceedings of the ACM 14th international workshop on Data Warehousing and OLAP},
  pages={101--104},
  year={2011},
  organization={ACM}
}

@article{hashem2015rise,
  title={The rise of "big data" on cloud computing: Review and open research issues},
  author={Hashem, Ibrahim Abaker Targio and Yaqoob, Ibrar and Anuar, Nor Badrul and Mokhtar, Salimah and Gani, Abdullah and Khan, Samee Ullah},
  journal={Information Systems},
  volume={47},
  pages={98--115},
  year={2015},
  publisher={Elsevier}
}

@article{ranjan2014streaming,
  title={Streaming big data processing in datacenter clouds},
  author={Ranjan, Rajiv},
  journal={IEEE Cloud Computing},
  volume={1},
  number={1},
  pages={78--83},
  year={2014},
  publisher={IEEE}
}

@article{zaharia2010spark,
  title={Spark: Cluster Computing with Working Sets.},
  author={Zaharia, Matei and Chowdhury, Mosharaf and Franklin, Michael J and Shenker, Scott and Stoica, Ion},
  journal={HotCloud},
  volume={10},
  number={10-10},
  pages={95},
  year={2010}
}

@article{namiot2015big,
  title={On big data stream processing},
  author={Namiot, Dmitry},
  journal={International Journal of Open Information Technologies},
  volume={3},
  number={8},
  pages={48--51},
  year={2015}
}

@inproceedings{shanahan2015large,
  title={Large scale distributed data science using apache spark},
  author={Shanahan, James G and Dai, Laing},
  booktitle={Proceedings of the 21th ACM SIGKDD International Conference on Knowledge Discovery and Data Mining},
  pages={2323--2324},
  year={2015},
  organization={ACM}
}

@book{kakadia2015apache,
  title={Apache Mesos Essentials},
  author={Kakadia, Dharmesh},
  year={2015},
  publisher={Packt Publishing Ltd}
}


@misc{reactive_manifesto,
    title = {{Reactive Manifesto}},
    howpublished = {http://www.reactivemanifesto.org},
    note = {Accessed: 24.07.2018},
}

@misc{apache_spark,
    title = {{Apache Spark}},
    howpublished = {https://spark.apache.org/},
    note = {Accessed: 24.07.2018},
}

@misc{apache_mesos,
    title = {{Apache Mesos}},
    howpublished = {https://mesos.apache.org/},
    note = {Accessed: 24.07.2018},
}

@misc{akka_web,
    title = {{Akka.io}},
    howpublished = {https://akka.io/},
    note = {Accessed: 24.07.2018},
}

@techreport{agha1985actors,
  title={Actors: A model of concurrent computation in distributed systems.},
  author={Agha, Gul A},
  year={1985},
  institution={MASSACHUSETTS INST OF TECH CAMBRIDGE ARTIFICIAL INTELLIGENCE LAB}
}

@inproceedings{hewitt1973session,
  title={Session 8 Formalisms for Artificial Intelligence A Universal Modular ACTOR Formalism for Artificial Intelligence},
  author={Hewitt, Carl and Bishop, Peter and Steiger, Richard},
  booktitle={Advance Papers of the Conference},
  volume={3},
  pages={235},
  year={1973},
  organization={Stanford Research Institute}
}

@misc{cassandra_wikipedia,
    title = {{Apache Cassandra}},
    howpublished = {https://en.wikipedia.org/wiki/Apache_Cassandra},
    note = {Accessed: 24.07.2018},
}

@misc{apache_kafka,
    title = {{Apache Kafka}},
    howpublished = {https://kafka.apache.org/},
    note = {Accessed: 24.07.2018},
}

@misc{apache_zookeeper,
    title = {{Apache Zookeeper}},
    howpublished = {https://zookeeper.apache.org/},
    note = {Accessed: 24.07.2018},
}

@misc{mesosphere,
    title = {{Mesosphere}},
    howpublished = {https://mesosphere.com/},
    note = {Accessed: 24.07.2018},
}

@misc{cassandra_limitations,
    title = {{Cassandra Limitations, GitHub.com}},
    howpublished = {https://github.com/mesosphere/dcos-cassandra-service/blob/master/docs/limitations.md},
    note = {Accessed: 24.07.2018},
}

@misc{hackzurich_website,
    title = {{HackZurich}},
    howpublished = {http://hackzurich.com/},
    note = {Accessed: 24.07.2018},
}

@misc{hackzurich,
    title = {{Zuehlke HackZurich Repository}},
    howpublished = {https://github.com/Zuehlke/hackzurich-sensordataanalysis},
    note = {Accessed: 24.07.2018},
}

@misc{shmack,
    title = {{Zuehlke S.H.M.A.C.K. Repository}},
    howpublished = {https://github.com/Zuehlke/SHMACK},
    note = {Accessed: 24.07.2018},
}

@misc{zuehlke,
    title = {{Zuehlke Engineering AG}},
    howpublished = {https://www.zuehlke.com/},
    note = {Accessed: 24.07.2018},
}

@misc{aws,
    title = {{Amazon WebServices}},
    howpublished = {https://aws.amazon.com/},
    note = {Accessed: 24.07.2018},
}

@misc{dcos,
    title = {{DC/OS}},
    howpublished = {https://dcos.io/},
    note = {Accessed: 24.07.2018},
}

@misc{jmxterm,
    title = {{Jmxterm}},
    howpublished = {http://wiki.cyclopsgroup.org/jmxterm/},
    note = {Accessed: 24.07.2018},
}

@misc{datadog_kafka,
    title = {{DataDog Kafka Metrics}},
    howpublished = {https://github.com/DataDog/the-monitor/blob/master/kafka/monitoring-kafka-performance-metrics.md},
    note = {Accessed: 24.07.2018},
}

@misc{datadog_cassandra,
    title = {{DataDog Cassandra Metrics}},
    howpublished = {https://github.com/DataDog/the-monitor/blob/master/cassandra/how_to_collect_cassandra_metrics.md},
    note = {Accessed: 24.07.2018},
}

@misc{kamon,
    title = {{Kamon}},
    howpublished = {http://kamon.io},
    note = {Accessed: 24.07.2018},
}

@misc{marathon_autoscale,
    title = {{Mesosphere Marathon-Autoscale}},
    howpublished = {https://github.com/mesosphere/marathon-autoscale},
    note = {Accessed: 24.07.2018},
}

@misc{marathon_lb_autoscale,
    title = {{Mesosphere Marathon-LB-Autoscale}},
    howpublished = {https://github.com/mesosphere/marathon-lb-autoscale},
    note = {Accessed: 24.07.2018},
}

@misc{microscaling,
    title = {{Microscaling in a Box}},
    howpublished = {http://microscaling.com/},
    note = {Accessed: 24.07.2018},
}

@misc{sensor-data,
    title = {{Sensor Data Overview}},
    howpublished = {https://github.com/Zuehlke/hackzurich-sensordata-ios/blob/master/README.md},
    note = {Accessed: 24.07.2018},
}

@misc{sensor-data-repo,
    title = {{Sensor Data Repository}},
    howpublished = {https://github.com/Zuehlke/hackzurich-sensordata-ios},
    note = {Accessed: 24.07.2018},
}

@article{rabl2012solving,
  title={Solving big data challenges for enterprise application performance management},
  author={Rabl, Tilmann and G{\'o}mez-Villamor, Sergio and Sadoghi, Mohammad and Munt{\'e}s-Mulero, Victor and Jacobsen, Hans-Arno and Mankovskii, Serge},
  journal={Proceedings of the VLDB Endowment},
  volume={5},
  number={12},
  pages={1724--1735},
  year={2012},
  publisher={VLDB Endowment}
}

@inproceedings{chebotko2015big,
  title={A big data modeling methodology for Apache Cassandra},
  author={Chebotko, Artem and Kashlev, Andrey and Lu, Shiyong},
  booktitle={Big Data (BigData Congress), 2015 IEEE International Congress on},
  pages={238--245},
  year={2015},
  organization={IEEE}
}

@book{garg2013apache,
  title={Apache Kafka},
  author={Garg, Nishant},
  year={2013},
  publisher={Packt Publishing Ltd}
}

@article{mcafee2012big,
  title={Big data: the management revolution},
  author={McAfee, Andrew and Brynjolfsson, Erik and Davenport, Thomas H and others},
  journal={Harvard business review},
  volume={90},
  number={10},
  pages={60--68},
  year={2012}
}

@article{russom2011big,
  title={Big data analytics},
  author={Russom, Philip and others},
  journal={TDWI best practices report, fourth quarter},
  volume={19},
  pages={40},
  year={2011}
}

@article{reyes2015big,
  title={Big data analytics in the cloud: Spark on hadoop vs mpi/openmp on beowulf},
  author={Reyes-Ortiz, Jorge L and Oneto, Luca and Anguita, Davide},
  journal={Procedia Computer Science},
  volume={53},
  pages={121--130},
  year={2015},
  publisher={Elsevier}
}

@article{zaharia2016apache,
  title={Apache Spark: A unified engine for big data processing},
  author={Zaharia, Matei and Xin, Reynold S and Wendell, Patrick and Das, Tathagata and Armbrust, Michael and Dave, Ankur and Meng, Xiangrui and Rosen, Josh and Venkataraman, Shivaram and Franklin, Michael J and others},
  journal={Communications of the ACM},
  volume={59},
  number={11},
  pages={56--65},
  year={2016},
  publisher={ACM}
}

@inproceedings{gonzalez2014graphx,
  title={GraphX: Graph Processing in a Distributed Dataflow Framework.},
  author={Gonzalez, Joseph E and Xin, Reynold S and Dave, Ankur and Crankshaw, Daniel and Franklin, Michael J and Stoica, Ion},
  booktitle={OSDI},
  volume={14},
  pages={599--613},
  year={2014}
}

@inproceedings{xin2013graphx,
  title={Graphx: A resilient distributed graph system on spark},
  author={Xin, Reynold S and Gonzalez, Joseph E and Franklin, Michael J and Stoica, Ion},
  booktitle={First International Workshop on Graph Data Management Experiences and Systems},
  pages={2},
  year={2013},
  organization={ACM}
}

@inproceedings{han2011survey,
  title={Survey on NoSQL database},
  author={Han, Jing and Haihong, E and Le, Guan and Du, Jian},
  booktitle={Pervasive computing and applications (ICPCA), 2011 6th international conference on},
  pages={363--366},
  year={2011},
  organization={IEEE}
}

@inproceedings{kreps2011kafka,
  title={Kafka: A distributed messaging system for log processing},
  author={Kreps, Jay and Narkhede, Neha and Rao, Jun and others},
  booktitle={Proceedings of the NetDB},
  pages={1--7},
  year={2011}
}

@inproceedings{tasharofi2013scala,
  title={Why do scala developers mix the actor model with other concurrency models?},
  author={Tasharofi, Samira and Dinges, Peter and Johnson, Ralph E},
  booktitle={European Conference on Object-Oriented Programming},
  pages={302--326},
  year={2013},
  organization={Springer}
}

@inproceedings{haller2012integration,
  title={On the integration of the actor model in mainstream technologies: the scala perspective},
  author={Haller, Philipp},
  booktitle={Proceedings of the 2nd edition on Programming systems, languages and applications based on actors, agents, and decentralized control abstractions},
  pages={1--6},
  year={2012},
  organization={ACM}
}

@techreport{odersky2004overview,
  title={An overview of the Scala programming language},
  author={Odersky, Martin and Altherr, Philippe and Cremet, Vincent and Emir, Burak and Maneth, Sebastian and Micheloud, St{\'e}phane and Mihaylov, Nikolay and Schinz, Michel and Stenman, Erik and Zenger, Matthias},
  year={2004}
}

@inproceedings{gu2013memory,
  title={Memory or time: Performance evaluation for iterative operation on hadoop and spark},
  author={Gu, Lei and Li, Huan},
  booktitle={High Performance Computing and Communications \& 2013 IEEE International Conference on Embedded and Ubiquitous Computing (HPCC\_EUC), 2013 IEEE 10th International Conference on},
  pages={721--727},
  year={2013},
  organization={IEEE}
}

@article{hofmeijer2004dcos,
  title={Dcos, a real-time light-weight data centric operating system},
  author={Hofmeijer, Tjerk J and Dulman, Stefan O and Jansen, Pierre G and Havinga, Paul J},
  year={2004},
  publisher={University of Twente, Centre for Telematics and Information Technology}
}

@article{wampler2016fast,
  title={Fast Data: Big Data Evolved},
  author={Wampler, Dean},
  journal={Lightbend white paper.},
  year={2016}
}

@article{armbrust2010view,
  title={A view of cloud computing},
  author={Armbrust, Michael and Fox, Armando and Griffith, Rean and Joseph, Anthony D and Katz, Randy and Konwinski, Andy and Lee, Gunho and Patterson, David and Rabkin, Ariel and Stoica, Ion and others},
  journal={Communications of the ACM},
  volume={53},
  number={4},
  pages={50--58},
  year={2010},
  publisher={ACM}
}

@article{rimal2009taxonomy,
  title={A Taxonomy and Survey of Cloud Computing Systems.},
  author={Rimal, Bhaskar Prasad and Choi, Eunmi and Lumb, Ian},
  journal={NCM},
  volume={9},
  pages={44--51},
  year={2009}
}

@article{wilcox2005kolmogorov,
  title={Kolmogorov--smirnov test},
  author={Wilcox, R},
  journal={Encyclopedia of biostatistics},
  year={2005},
  publisher={Wiley Online Library}
}

@inproceedings{roy2011efficient,
  title={Efficient autoscaling in the cloud using predictive models for workload forecasting},
  author={Roy, Nilabja and Dubey, Abhishek and Gokhale, Aniruddha},
  booktitle={Cloud Computing (CLOUD), 2011 IEEE International Conference on},
  pages={500--507},
  year={2011},
  organization={IEEE}
}

@inproceedings{chieu2009dynamic,
  title={Dynamic scaling of web applications in a virtualized cloud computing environment},
  author={Chieu, Trieu C and Mohindra, Ajay and Karve, Alexei A and Segal, Alla},
  booktitle={E-Business Engineering, 2009. ICEBE'09. IEEE International Conference on},
  pages={281--286},
  year={2009},
  organization={IEEE}
}

